%Quting and bracing to preserve case

@misc{Sequoia,
  title = "{Sequoia}", 
  url = {https://asc.llnl.gov/computing_resources/sequoia/}
}
https://asc.llnl.gov/computing_resources/sequoia/

@misc{mpi-report,
  title = "{Official MPI report and other documents}", 
  url = {http://www.mpi-forum.org/docs/}
}

@misc{xml-rpc,
  title = "{XML-RPC library on Hackage}",
  url = {http://hackage.haskell.org/package/haxr}
}

@misc{thrift,
  title = "{Apacje Thrift support library on Hackage}",
  url = {http://hackage.haskell.org/package/thrift}
}

@book{Pacheco,
  author =	 "Peter S. Pacheco",
  title =	 "Parallel {P}rogramming with {MPI}",
  address =	 "San Francisco, California, USA",
  publisher =	 "Morgan Kaufman Publishers, Inc.",
  year =	 1997
}

@misc{parallel_library,
  title = "{Parallel library on Hackage}",
  url = {http://hackage.haskell.org/package/parallel}
}


@misc{cereal,
  title = "{Cereal library on Hackage}",
  url = {http://hackage.haskell.org/package/cereal}
}

@misc{top-500,
  title = "{Top 500 website}",
  url = {http://www.top500.org/}
}

@misc{open-mpi,
  title = "{Open MPI}",
  url = {http://www.open-mpi.org/}
}


@misc{mpich,
  title = "{MPICH}",
  url = {http://www.mcs.anl.gov/research/projects/mpich2/}
}

@misc{article,
  title = "{Article text and code}",
  url = {https://github.com/bjpop/mpi-article-monad-reader}
}

%% ----------------------------------


@misc{auth:fancyvrb,
  url = {http://ctan.org/tex-archive/macros/latex/contrib/fancyvrb/}
}

@misc{auth:listings,
  url = {http://ctan.org/tex-archive/macros/latex/contrib/listings/}
}

@misc{auth:amsmath,
  url = {http://ctan.org/tex-archive/macros/latex/required/amslatex/math/}
}

@misc{auth:xypic,
  url = {http://tug.org/applications/Xy-pic/Xy-pic.html}
}

@misc{auth:metapost,
  url = {http://cm.bell-labs.com/who/hobby/MetaPost.html}
}

@misc{auth:pgf,
  url = {http://sourceforge.net/projects/pgf/}
}

@inproceedings{auth:tackling,
  author = {Simon {Peyton Jones}},
  title = {Tackling the Awkward Squad: monadic input/output, 
           concurrency, exceptions, and foreign-language calls in {Haskell}},
  booktitle = {Engineering theories of software construction},
  pages = {47--96},
  year = {2001},
  editor = {Tony Hoare and Manfred Broy and Ralf Steinbruggen},
  publisher = {{IOS Press}},
  url = {http://research.microsoft.com/Users/simonpj/papers/marktoberdorf/}
}
